<bibRecord>
    <bib>
        <owningInstitutionId>PUL</owningInstitutionId>
        <content>
            <collection xmlns='http://www.loc.gov/MARC21/slim'>
                <record>
                    <leader>01350cas a2200313 a 4500</leader>
                    <controlfield tag='001'>6</controlfield>
                    <controlfield tag='005'>20160510135246.0</controlfield>
                    <controlfield tag='008'>800801d19771977at uu 0uuua0eng d</controlfield>
                    <datafield ind1=' ' ind2=' ' tag='035'>
                        <subfield code='a'>(OCoLC)4572548</subfield>
                    </datafield>
                    <datafield ind1=' ' ind2=' ' tag='035'>
                        <subfield code='a'>(CStRLIN)NJPG0110-S</subfield>
                    </datafield>
                    <datafield ind1=' ' ind2=' ' tag='035'>
                        <subfield code='9'>AAF4239TS</subfield>
                    </datafield>
                    <datafield ind1=' ' ind2=' ' tag='040'>
                        <subfield code='a'>NjP</subfield>
                        <subfield code='c'>NjP</subfield>
                    </datafield>
                    <datafield ind1=' ' ind2=' ' tag='043'>
                        <subfield code='a'>a-bn---</subfield>
                    </datafield>
                    <datafield ind1='0' ind2='0' tag='245'>
                        <subfield code='a'>Papers in Borneo and Western Austronesian linguistics.</subfield>
                    </datafield>
                    <datafield ind1=' ' ind2=' ' tag='260'>
                        <subfield code='a'>Canberra :</subfield>
                        <subfield code='b'>Dept. of Linguistics, Research School of Pacific Studies, Australian National
                            University,
                        </subfield>
                        <subfield code='c'>[1977].</subfield>
                    </datafield>
                    <datafield ind1=' ' ind2=' ' tag='300'>
                        <subfield code='a'>1 v. ;</subfield>
                        <subfield code='c'>25 cm.</subfield>
                    </datafield>
                    <datafield ind1='0' ind2=' ' tag='362'>
                        <subfield code='a'>No. 2.</subfield>
                    </datafield>
                    <datafield ind1=' ' ind2='0' tag='440'>
                        <subfield code='a'>Pacific linguistics.</subfield>
                        <subfield code='n'>Series A</subfield>
                    </datafield>
                    <datafield ind1=' ' ind2=' ' tag='550'>
                        <subfield code='a'>Issued by the Linguistic Circle of Canberra.</subfield>
                    </datafield>
                    <datafield ind1=' ' ind2='0' tag='651'>
                        <subfield code='a'>Borneo</subfield>
                        <subfield code='x'>Languages.</subfield>
                        <subfield code='0'>(uri)http://id.loc.gov/authorities/subjects/sh93006471</subfield>
                    </datafield>
                    <datafield ind1=' ' ind2='0' tag='650'>
                        <subfield code='a'>Austronesian languages.</subfield>
                        <subfield code='0'>(uri)http://id.loc.gov/authorities/subjects/sh85009779</subfield>
                    </datafield>
                    <datafield ind1='2' ind2=' ' tag='710'>
                        <subfield code='a'>Australian National University.</subfield>
                        <subfield code='b'>Research School of Pacific Studies.</subfield>
                        <subfield code='b'>Department of Linguistics.</subfield>
                        <subfield code='0'>(uri)http://id.loc.gov/authorities/names/n81048621</subfield>
                    </datafield>
                    <datafield ind1='2' ind2=' ' tag='710'>
                        <subfield code='a'>Linguistic Circle of Canberra.</subfield>
                        <subfield code='0'>(uri)http://id.loc.gov/authorities/names/n50056842</subfield>
                    </datafield>
                    <datafield ind1='0' ind2='0' tag='780'>
                        <subfield code='t'>Papers in Borneo linguistics.</subfield>
                    </datafield>
                    <datafield ind1='0' ind2='0' tag='785'>
                        <subfield code='t'>Papers in Western Austronesian linguistics</subfield>
                    </datafield>
                    <datafield ind1=' ' ind2=' ' tag='998'>
                        <subfield code='a'>09/08/93</subfield>
                        <subfield code='s'>9114</subfield>
                        <subfield code='n'>NjP</subfield>
                        <subfield code='w'>DCLC89657286S</subfield>
                        <subfield code='d'>10/05/81</subfield>
                        <subfield code='c'>DLJ</subfield>
                        <subfield code='b'>JKS</subfield>
                        <subfield code='i'>930908</subfield>
                        <subfield code='l'>NJPG</subfield>
                    </datafield>
                    <datafield ind1=' ' ind2=' ' tag='948'>
                        <subfield code='a'>AACR2 CONV</subfield>
                    </datafield>
                    <datafield ind1=' ' ind2=' ' tag='911'>
                        <subfield code='a'>19930917</subfield>
                    </datafield>
                    <datafield ind1=' ' ind2=' ' tag='912'>
                        <subfield code='a'>19990104035226.0</subfield>
                    </datafield>
                </record>
            </collection>
        </content>
    </bib>
    <holdings>
        <holding>
            <owningInstitutionHoldingsId>6</owningInstitutionHoldingsId>
            <content>
                <collection xmlns='http://www.loc.gov/MARC21/slim'>
                    <record>
                        <datafield ind1='0' ind2='1' tag='852'>
                            <subfield code='b'>rcppa</subfield>
                            <subfield code='h'>PL5051.P36</subfield>
                        </datafield>
                        <datafield ind1=' ' ind2='0' tag='866'>
                            <subfield code='6'>0</subfield>
                            <subfield code='x'>DESIGNATOR: no.</subfield>
                        </datafield>
                    </record>
                </collection>
            </content>
            <items>
                <content>
                    <collection xmlns='http://www.loc.gov/MARC21/slim'>
                        <record>
                            <datafield ind1='0' ind2='0' tag='876'>
                                <subfield code='a'>4</subfield>
                                <subfield code='h'></subfield>
                                <subfield code='j'>Available</subfield>
                                <subfield code='p'>32101048447922</subfield>
                                <subfield code='t'>1</subfield>
                                <subfield code='3'>no.2</subfield>
                            </datafield>
                            <datafield ind1='0' ind2='0' tag='900'>
                                <subfield code='a'>Shared</subfield>
                                <subfield code='b'>PA</subfield>
                            </datafield>
                        </record>
                    </collection>
                </content>
            </items>
        </holding>
    </holdings>
</bibRecord>